
@ARTICLE{castro,
   author = {{Almgren}, A.~S. and {Beckner}, V.~E. and {Bell},
                  J.~B. and {Day}, M.~S. and {Howell}, L.~H. and
                  {Joggerst}, C.~C. and {Lijewski}, M.~J. and
                  {Nonaka}, A. and {Singer}, M. and {Zingale}, M.},
    title = "{CASTRO: A New Compressible Astrophysical
                  Solver. I. Hydrodynamics and Self-gravity}",
  journal = "Astrophysical Journal",
archivePrefix = "arXiv",
   eprint = {\href{http://arxiv.org/abs/1005.0114}{arXiv:1005.0114}},
 keywords = {equation of state, gravitation, hydrodynamics, methods:
                  numerical, nuclear reactions, nucleosynthesis,
                  abundances },
     year = 2010,
    month = jun,
   volume = 715,
    pages = {1221-1238},
      doi = {10.1088/0004-637X/715/2/1221},
   adsurl = {http://adsabs.harvard.edu/abs/2010ApJ...715.1221A},
  adsnote = {Provided by the SAO/NASA Astrophysics Data System}
}

@ARTICLE{boxlib-tiling,
   author = {{Zhang}, W. and {Almgren}, A. and {Day}, M. and {Nguyen}, T. and {Shalf}, J. and {Unat}, D.},
    title = "{BoxLib with Tiling: An AMR Software Framework}",
  journal = {SIAM Journal on Scientific Computing},
     year = 2015,
     note = {submitted}
}

@ARTICLE{yt,
   author = {{Turk}, M.~J. and {Smith}, B.~D. and {Oishi}, J.~S. and {Skory}, S. and
     {Skillman}, S.~W. and {Abel}, T. and {Norman}, M.~L.},
    title = "{yt: A Multi-code Analysis Toolkit for Astrophysical Simulation Data}",
  journal = {\apjs},
archivePrefix = "arXiv",
   eprint = {\href{http://arxiv.org/abs/1011.3514}{arXiv:1011.3514}},
 primaryClass = "astro-ph.IM",
 keywords = {cosmology: theory, methods: data analysis, methods: numerical },
     year = 2011,
    month = jan,
   volume = 192,
    pages = {9-+},
      doi = {10.1088/0067-0049/192/1/9},
   adsurl = {http://adsabs.harvard.edu/abs/2011ApJS..192....9T},
  adsnote = {Provided by the SAO/NASA Astrophysics Data System}
}

@ARTICLE{matplotlib,
  Author    = {Hunter, J. D.},
  Title     = {Matplotlib: A 2D graphics environment},
  Journal   = {Computing In Science \& Engineering},
  Volume    = {9},
  Number    = {3},
  Pages     = {90--95},
  abstract  = {Matplotlib is a 2D graphics package used for Python
  for application development, interactive scripting, and
  publication-quality image generation across user
  interfaces and operating systems.},
  publisher = {IEEE COMPUTER SOC},
  year      = 2007
}

@article{vode,
   author = {Peter N. Brown and George D. Byrne and Alan C. Hindmarsh},
    title = {VODE: A Variable-Coefficient ODE Solver},
  journal = {SIAM Journal on Scientific and Statistical Computing},
   volume = {10},
   number = {5},
    pages = {1038-1051},
     year = {1989},
      doi = {10.1137/0910062},
      URL = {http://dx.doi.org/10.1137/0910062},
   eprint = {http://dx.doi.org/10.1137/0910062}
}